@article{wang2022augmented,
  title={Augmented reality (AR) app use in the beauty product industry and consumer purchase intention},
  author={Wang, Yining and Ko, Eunju and Wang, Huanzhang},
  journal={Asia Pacific Journal of Marketing and Logistics},
  volume={34},
  number={1},
  pages={110--131},
  year={2022},
  publisher={Emerald Publishing Limited}
}

@article{karadayi2024role,
  title={Role of artificial intelligence and augmented reality in fashion industry from consumer perspective: Sustainability through waste and return mitigation},
  author={Karadayi-Usta, Saliha},
  journal={Engineering Applications of Artificial Intelligence},
  volume={133},
  pages={108114},
  year={2024},
  publisher={Elsevier}
}

@online{flo,
  author = {Author FLO},
  title = {FLO see it on your feet},
  url = {https://www.flo.com.tr/},
  urldate = {Date Accessed},
  year = {12.09.2017/12.09.2017}
}

@online{ikea,
  author = {Author/ Ikea},
  title = {ikea place},
  url = {https://www.ikea.com/global/en/newsroom/innovation/ikea-launches-ikea-place-a-new-app-that-allows-people-to-virtually-place-furniture-in-their-home-170912/},
  urldate = {Date Accessed},
  year = {12.09.2017/ 12.09.2017}
}
@online{snapchat,
  author = {Author/ Snapchat},
  title = {SnapChat },
  url = {https://www.snapchat.com/tr-TR},
  urldate = {Date Accessed},
  year = {12.09.2017/ 12.09.2017}
}
@online{googleMap,
  author = {Author/ GoogleMap},
  title = {Googlemapp },
  url = {https://www.snapchat.com/tr-TR},
  urldate = {Date Accessed},
  year = {12.09.2017/ 12.09.2017}
}