@online{aayushrai_driver_safety,
	author = {Aayush Rai},
	title = {Driver Drowsiness Detection Using Computer Vision},
	url = {https://github.com/aayushrai/Driver_safety},
	urldate = {March 14, 2024},
	year = {Year Published/Last Updated}
}
@article{csafak2022derin,
	title={Derin {\"o}{\u{g}}renme kullan{\i}larak nesnelerin interneti tabanl{\i} mobil s{\"u}r{\"u}c{\"u} yorgunluk tespiti},
	author={{\c{S}}afak, Emre and DOGRU, {\.I}brahim and BARI{\c{S}}{\c{C}}I, Necaattin and Toklu, Sinan},
	journal={Gazi {\"U}niversitesi M{\"u}hendislik Mimarl{\i}k Fak{\"u}ltesi Dergisi},
	volume={37},
	number={4},
	pages={1869--1882},
	year={2022},
	publisher={Gazi University}
}
@article{vural2018gercek,
	author = {Vural, R. A. and Sert, M. Y. and Karaköse, B.},
	title = {Gerçek Zamanlı Sürücü Yorgunluk Tespit Sistemi},
	journal = {Marmara Fen Bilimleri Dergisi},
	volume = {30},
	number = {3},
	pages = {249-259},
	year = {2018}
}
@article{safak2022derin,
	author = {Şafak, Emre and Doğru, İbrahim Alper and Barışçı, Necaattin and Toklu, Sinan},
	title = {Derin Öğrenme Kullanılarak Nesnelerin İnterneti Tabanlı Mobil Sürücü Yorgunluk Tespiti},
	journal = {Gazi Üniversitesi Mühendislik Mimarlık Fakültesi Dergisi},
	volume = {37},
	number = {4},
	pages = {1869-1882},
	year = {2022}
}
@article{akgun2020surucunun,
	author = {Akgün, H. M.},
	title = {Sürücünün Yorgunluk ve Uyuma Durumunu Tespit Ederek Güvenli Bir Sürüş Sağlayan Uyarı Sisteminin Tasarlanması},
	school = {İnönü Üniversitesi Fen Bilimleri Enstitüsü},
	year = {2020}
}
@article{sikander2018driver,
	title={Driver fatigue detection systems: A review},
	author={Sikander, Gulbadan and Anwar, Shahzad},
	journal={IEEE Transactions on Intelligent Transportation Systems},
	volume={20},
	number={6},
	pages={2339--2352},
	year={2018},
	publisher={IEEE}
}
@inproceedings{rogado2009driver,
	title={Driver fatigue detection system},
	author={Rogado, Elena and Garcia, Jos{\'e} Luis and Barea, Rafael and Bergasa, Luis Miguel and L{\'o}pez, Elena},
	booktitle={2008 IEEE International Conference on Robotics and Biomimetics},
	pages={1105--1110},
	year={2009},
	organization={IEEE}
}
@article{zhao2020driver,
	title={Driver fatigue detection based on convolutional neural networks using EM-CNN},
	author={Zhao, Zuopeng and Zhou, Nana and Zhang, Lan and Yan, Hualin and Xu, Yi and Zhang, Zhongxin},
	journal={Computational intelligence and neuroscience},
	volume={2020},
	year={2020},
	publisher={Hindawi Limited}
}
@article{liu2022review,
	title={A review of driver fatigue detection and its advances on the use of RGB-D camera and deep learning},
	author={Liu, Fan and Chen, Delong and Zhou, Jun and Xu, Feng},
	journal={Engineering Applications of Artificial Intelligence},
	volume={116},
	pages={105399},
	year={2022},
	publisher={Elsevier}
}
