@article{roffey2012bioelectronic,
	title={The Bioelectronic Basis for "Healing Energies": Charge and Field Effects as a Basis for Complementary Medical Techniques},
	author={Roffey, Leane E},
	journal={DNA Decipher Journal},
	volume={2},
	number={2},
	year={2012}
}
@book{myss2013anatomy,
	title={Anatomy of the spirit: The seven stages of power and healing},
	author={Myss, Caroline},
	year={2013},
	publisher={Harmony}
}
@book{leary2011activating,
	title={Activating Your Healing Energies--Physical, Mental, Spiritual: With the Power and the Knowledge, You Can Heal Yourself},
	author={Leary, Ed},
	year={2011},
	publisher={iUniverse}
}
@article{russo201510,
	title={10-kHz high-frequency SCS therapy: a clinical summary},
	author={Russo, Marc and Van Buyten, Jean-Pierre},
	journal={Pain Medicine},
	volume={16},
	number={5},
	pages={934--942},
	year={2015}
}
@misc{benefits,
	author = {Author/ Luke Ocean	},
	title = {Healing Frequencies of the Human Body: Full List and Benefits},
	howpublished = {\url{https://mindisthemaster.com/sound-frequency-healing-human-body-benefits/}},
	note = {Accessed: 06.03.2024},
	year = {Year Published/ 01.03.2024}
}
@article{murphy2018effect,
  title={The effect of 22.5 kHz low-frequency contact ultrasound debridement (LFCUD) on lower extremity wound healing for a vascular surgery population: a randomised controlled trial},
  author={Murphy, Christine Anne and Houghton, Pamela and Brandys, Tim and Rose, Gregory and Bryant, Dianne},
  journal={International Wound Journal},
  volume={15},
  number={3},
  pages={460--472},
  year={2018},
  publisher={Wiley Online Library}
}
