
@article{ahsan2023deep,
	title="Deep transfer learning approaches for Monkeypox disease diagnosis",
	author="Ahsan, Md Manjurul and Uddin, Muhammad Ramiz and Ali, Md Shahin and Islam, Md Khairul and Farjana, Mithila and Sakib, Ahmed Nazmus and Al Momin, Khondhaker and Luna, Shahana Akter",
	
}
@article{MarinaTaffou,
	title="A study to overcome people's fear of animals",
	author="User
		Marine Taffou
Emmanuelle Chapoulie
Adrien David
Rachid Guerchouche
George Drettakis
Isabelle Viaud-Delmon",
	journal="Paris, Fransa'daki UMR 9912 CNRS IRCAM UPMC ve Sophia Antipolis ",

}
@online{bahce,
  title = "https://opengameart.org/art-search?keys=garden",
  url = "https://opengameart.org/art-search?keys=garden",

}
@online{kopek,
  title = "https://www.pedigree.com/dog-care-articles/shih-tzus-changing-coat-colors",
  url = "https://www.pedigree.com/dog-care-articles/shih-tzus-changing-coat-colors",

}
