@article{zhang2018ffdnet,
  title={FFDNet: Toward a fast and flexible solution for CNN-based image denoising},
  author={Zhang, Kai and Zuo, Wangmeng and Zhang, Lei},
  journal={IEEE Transactions on Image Processing},
  volume={27},
  number={9},
  pages={4608--4622},
  year={2018},
  publisher={IEEE}
}

@inproceedings{yu2019deep,
  title={Deep iterative down-up cnn for image denoising},
  author={Yu, Songhyun and Park, Bumjun and Jeong, Jechang},
  booktitle={Proceedings of the IEEE/CVF conference on computer vision and pattern recognition workshops},
  pages={0--0},
  year={2019}
}