@article{kumar2006personal,
  title={Personal authentication using hand images},
  author={Kumar, Ajay and Wong, David CM and Shen, Helen C and Jain, Anil K},
  journal={Pattern Recognition Letters},
  volume={27},
  number={13},
  pages={1478--1486},
  year={2006},
  publisher={Elsevier}
}
@article{shu1998automated,
	title={Automated personal identification by palmprint},
	author={Shu, Wei and Zhang, David},
	journal={Optical Engineering},
	volume={37},
	pages={2359--2362},
	year={1998}
}
@article{ergen2011biyometrik,
  title={Biyometrik Sistemler ve El Tabanl{\i} Biyometrik Tan{\i}ma Karakteristikleri},
  author={Ergen, B and {\c{C}}al{\i}{\c{s}}kan, A},
  booktitle={6th International Advanced Technologies Symposium (IATSâ€™11)},
  pages={16--18},
  year={2011}
}
@article{kong2002palmprint,
  title={Palmprint texture analysis based on low-resolution images for personal authentication},
  author={Kong, Wai Kin and Zhang, David},
  booktitle={2002 International Conference on Pattern Recognition},
  volume={3},
  pages={807--810},
  year={2002},
  organization={IEEE}
}
