
@article{ozkiricscci2022motion,
	title={MOTION CAPTURE TEKNOLOJ{\.I}S{\.I}N{\.I}N HAREKETL{\.I} AF{\.I}{\c{S}}LERDE KULLANIMINA {\"O}RNEK B{\.I}R {\c{C}}ALI{\c{S}}MA},
	author={{\"O}ZK{\.I}R{\.I}{\c{S}}{\c{C}}{\.I}, {\.I}brahim Halil},
	journal={F{\i}rat {\"U}niversitesi Sosyal Bilimler Dergisi},
	volume={32},
	number={3},
	pages={1027--1041},
	year={2022},
	publisher={F{\i}rat University}
}
@misc{rosalesestimating,
	title={Estimating 3d body pose using uncalibrated cameras, 2001, pp},
	author={Rosales, R and Siddiqui, M and Alon, J and Sclaroff, S},
	publisher={I}
}
@article{desmarais2021review,
	title={A review of 3D human pose estimation algorithms for markerless motion capture},
	author={Desmarais, Yann and Mottet, Denis and Slangen, Pierre and Montesinos, Philippe},
	journal={Computer Vision and Image Understanding},
	volume={212},
	pages={103275},
	year={2021},
	publisher={Elsevier}
}

@article{erdem2021sanali,
	title={SANALI GER{\c{C}}E{\u{G}}E D{\"O}N{\"U}{\c{S}}T{\"U}RMEDE HAREKET YAKALAMA TEKNOLOJ{\.I}S{\.I}},
	author={ERDEM, {\"O}{\u{g}}retim {\"U}yesi Serhat},
	year={2021}
}
