@INPROCEEDINGS{8099502,
	author={Ledig, Christian and Theis, Lucas and Husz√°r, Ferenc and Caballero, Jose and Cunningham, Andrew and Acosta, Alejandro and Aitken, Andrew and Tejani, Alykhan and Totz, Johannes and Wang, Zehan and Shi, Wenzhe},
	booktitle={2017 IEEE Conference on Computer Vision and Pattern Recognition (CVPR)}, 
	title={Photo-Realistic Single Image Super-Resolution Using a Generative Adversarial Network}, 
	year={2017},
	volume={},
	number={},
	pages={105-114},
	keywords={Image resolution;Signal resolution;Gallium nitride;Image reconstruction;Manifolds;Training;Network architecture},
	doi={10.1109/CVPR.2017.19}}
@INPROCEEDINGS{9628901,
	author={Aidarbekov, Aidiye and Shakhmetova, Gulmira and Asmaganbetova, Kamshat and Bekish, Zamira and Kyzyrkanov, Abzal and Salimzhanov, Abylay},
	booktitle={2021 IEEE 4th International Conference on Advanced Information and Communication Technologies (AICT)}, 
	title={Informational Technologies in Film Production - How ICT shaping Media Industry}, 
	year={2021},
	volume={},
	number={},
	pages={137-140},
	keywords={Art;Instruments;Entertainment industry;Production;Media;Tools;Motion pictures;Film Industry;ICT;Media Technologies;Film production;Filmmaking;AI;Big Data;Machine Learning},
	doi={10.1109/AICT52120.2021.9628901}}
@article{masood2023deepfakes,
	title={Deepfakes generation and detection: State-of-the-art, open challenges, countermeasures, and way forward},
	author={Masood, Momina and Nawaz, Mariam and Malik, Khalid Mahmood and Javed, Ali and Irtaza, Aun and Malik, Hafiz},
	journal={Applied intelligence},
	volume={53},
	number={4},
	pages={3974--4026},
	year={2023},
	publisher={Springer}
}
@article{goodfellow2014generative,
	title={Generative adversarial nets},
	author={Goodfellow, Ian and Pouget-Abadie, Jean and Mirza, Mehdi and Xu, Bing and Warde-Farley, David and Ozair, Sherjil and Courville, Aaron and Bengio, Yoshua},
	journal={Advances in neural information processing systems},
	volume={27},
	year={2014}
}
@article{shadmi2021using,
	title={Using Synthetic Images To Uncover Population Biases In Facial Landmarks Detection},
	author={Shadmi, Ran and Laserson, Jonathan and Elbaz, Gil},
	journal={arXiv preprint arXiv:2111.01683},
	year={2021}
}
@article{yudkin2022hands,
	title={Hands-Up: Leveraging Synthetic Data for Hands-On-Wheel Detection},
	author={Yudkin, Paul and Friedman, Eli and Zvitia, Orly and Elbaz, Gil},
	journal={arXiv preprint arXiv:2206.00148},
	year={2022}
}
@misc{Datagen-2024-03-08,
	title         = {Datagen | Generate synthetic data for computer vision},
	year          = {2024},
	note          = {Accessed: 2024-03-08},
	howpublished  = {\url{https://datagen.tech/}}
}
@misc{Generated-2024-03-08,
	title         = {Generated Photos | Unique, worry-free model photos},
	year          = {2024},
	note          = {Accessed: 2024-03-08},
	howpublished  = {\url{https://generated.photos/}}
}
@misc{Random-2024-03-10,
	title         = {Random face generator - Face generator - AI Tool - This Person Does Not Exist },
	year          = {2024},
	note          = {Accessed: 2024-03-10},
	howpublished  = {\url{https://www.marketingtool.online/en/face-generator/}}
}
@inproceedings{CelebAMask-HQ,
	title={MaskGAN: Towards Diverse and Interactive Facial Image Manipulation},
	author={Lee, Cheng-Han and Liu, Ziwei and Wu, Lingyun and Luo, Ping},
	booktitle={IEEE Conference on Computer Vision and Pattern Recognition (CVPR)},
	year={2020}
}
@article{heaton2020applications,
	title={Applications of deep neural networks with keras},
	author={Heaton, Jeff},
	journal={arXiv preprint arXiv:2009.05673},
	year={2020}
}
@misc{DCGAN-Face-Generator.ipynb-2024-03-13,
	title         = {DCGAN-Face-Generator.ipynb - Colaboratory},
	year          = {2024},
	note          = {Accessed: 2024-03-13},
	howpublished  = {\url{https://colab.research.google.com/github/alex-parisi/DCGAN-Face-Generator/blob/main/DCGAN_Face_Generator.ipynb#scrollTo=6bKCgZKyQE-c}}
}
@misc{Generate-2024-03-13,
	title         = {Generate Artificial Faces with CelebA Progressive},
	year          = {2024},
	note          = {Accessed: 2024-03-13},
	howpublished  = {\url{https://www.kaggle.com/code/kerneler/generate-artificial-faces-with-celeba-progressive}}
}
