@article{kiran2021deep,
  title={Deep reinforcement learning for autonomous driving: A survey},
  author={Kiran, B Ravi and Sobh, Ibrahim and Talpaert, Victor and Mannion, Patrick and Al Sallab, Ahmad A and Yogamani, Senthil and P{\'e}rez, Patrick},
  journal={IEEE Transactions on Intelligent Transportation Systems},
  volume={23},
  number={6},
  pages={4909--4926},
  year={2021},
  publisher={IEEE}
}

@article{sallab2017deep,
  title={Deep reinforcement learning framework for autonomous driving},
  author={Sallab, Ahmad EL and Abdou, Mohammed and Perot, Etienne and Yogamani, Senthil},
  journal={arXiv preprint arXiv:1704.02532},
  year={2017}
}

@article{flyyufelix,
  author = {flyyufelix},
  title = {Train Donkey Car in Unity Simulator with Reinforcement Learnin},
  journal = {github},
  year = {2018},
  url = {https://github.com/flyyufelix/donkey_rl},
}
