@article{DBLP:journals/corr/HannunCCCDEPSSCN14,
	author       = {Awni Y. Hannun and
	Carl Case and
	Jared Casper and
	Bryan Catanzaro and
	Greg Diamos and
	Erich Elsen and
	Ryan Prenger and
	Sanjeev Satheesh and
	Shubho Sengupta and
	Adam Coates and
	Andrew Y. Ng},
	title        = {Deep Speech: Scaling up end-to-end speech recognition},
	journal      = {CoRR},
	volume       = {abs/1412.5567},
	year         = {2014},
	url          = {http://arxiv.org/abs/1412.5567},
	eprinttype    = {arXiv},
	eprint       = {1412.5567},
	timestamp    = {Mon, 23 Jan 2023 22:09:26 +0100},
	biburl       = {https://dblp.org/rec/journals/corr/HannunCCCDEPSSCN14.bib},
	bibsource    = {dblp computer science bibliography, https://dblp.org}
}
@article{DBLP:journals/corr/abs-2104-02133,
	author       = {William Chan and
	Daniel S. Park and
	Chris A. Lee and
	Yu Zhang and
	Quoc V. Le and
	Mohammad Norouzi},
	title        = {SpeechStew: Simply Mix All Available Speech Recognition Data to Train
	One Large Neural Network},
	journal      = {CoRR},
	volume       = {abs/2104.02133},
	year         = {2021},
	url          = {https://arxiv.org/abs/2104.02133},
	eprinttype    = {arXiv},
	eprint       = {2104.02133},
	timestamp    = {Tue, 16 Nov 2021 09:43:09 +0100},
	biburl       = {https://dblp.org/rec/journals/corr/abs-2104-02133.bib},
	bibsource    = {dblp computer science bibliography, https://dblp.org}
}
@article{DBLP:journals/corr/abs-2111-09344,
	author       = {Daniel Galvez and
	Greg Diamos and
	Juan Ciro and
	Juan Felipe Cer{\'{o}}n and
	Keith Achorn and
	Anjali Gopi and
	David Kanter and
	Maximilian Lam and
	Mark Mazumder and
	Vijay Janapa Reddi},
	title        = {The People's Speech: {A} Large-Scale Diverse English Speech Recognition
	Dataset for Commercial Usage},
	journal      = {CoRR},
	volume       = {abs/2111.09344},
	year         = {2021},
	url          = {https://arxiv.org/abs/2111.09344},
	eprinttype    = {arXiv},
	eprint       = {2111.09344},
	timestamp    = {Mon, 22 Nov 2021 16:44:07 +0100},
	biburl       = {https://dblp.org/rec/journals/corr/abs-2111-09344.bib},
	bibsource    = {dblp computer science bibliography, https://dblp.org}
}
@article{DBLP:journals/corr/abs-2106-06909,
	author       = {Guoguo Chen and
	Shuzhou Chai and
	Guanbo Wang and
	Jiayu Du and
	Wei{-}Qiang Zhang and
	Chao Weng and
	Dan Su and
	Daniel Povey and
	Jan Trmal and
	Junbo Zhang and
	Mingjie Jin and
	Sanjeev Khudanpur and
	Shinji Watanabe and
	Shuaijiang Zhao and
	Wei Zou and
	Xiangang Li and
	Xuchen Yao and
	Yongqing Wang and
	Yujun Wang and
	Zhao You and
	Zhiyong Yan},
	title        = {GigaSpeech: An Evolving, Multi-domain {ASR} Corpus with 10, 000 Hours
	of Transcribed Audio},
	journal      = {CoRR},
	volume       = {abs/2106.06909},
	year         = {2021},
	url          = {https://arxiv.org/abs/2106.06909},
	eprinttype    = {arXiv},
	eprint       = {2106.06909},
	timestamp    = {Tue, 19 Jul 2022 16:51:15 +0200},
	biburl       = {https://dblp.org/rec/journals/corr/abs-2106-06909.bib},
	bibsource    = {dblp computer science bibliography, https://dblp.org}
}
@article{DBLP:journals/corr/abs-2006-11477,
	author       = {Alexei Baevski and
	Henry Zhou and
	Abdelrahman Mohamed and
	Michael Auli},
	title        = {wav2vec 2.0: {A} Framework for Self-Supervised Learning of Speech
	Representations},
	journal      = {CoRR},
	volume       = {abs/2006.11477},
	year         = {2020},
	url          = {https://arxiv.org/abs/2006.11477},
	eprinttype    = {arXiv},
	eprint       = {2006.11477},
	timestamp    = {Tue, 23 Jun 2020 17:57:22 +0200},
	biburl       = {https://dblp.org/rec/journals/corr/abs-2006-11477.bib},
	bibsource    = {dblp computer science bibliography, https://dblp.org}
}
@article{Zhang_2022,
	title={BigSSL: Exploring the Frontier of Large-Scale Semi-Supervised Learning for Automatic Speech Recognition},
	volume={16},
	ISSN={1941-0484},
	url={http://dx.doi.org/10.1109/JSTSP.2022.3182537},
	DOI={10.1109/jstsp.2022.3182537},
	number={6},
	journal={IEEE Journal of Selected Topics in Signal Processing},
	publisher={Institute of Electrical and Electronics Engineers (IEEE)},
	author={Zhang, Yu and Park, Daniel S. and Han, Wei and Qin, James and Gulati, Anmol and Shor, Joel and Jansen, Aren and Xu, Yuanzhong and Huang, Yanping and Wang, Shibo and Zhou, Zongwei and Li, Bo and Ma, Min and Chan, William and Yu, Jiahui and Wang, Yongqiang and Cao, Liangliang and Sim, Khe Chai and Ramabhadran, Bhuvana and Sainath, Tara N. and Beaufays, Francoise and Chen, Zhifeng and Le, Quoc V. and Chiu, Chung-Cheng and Pang, Ruoming and Wu, Yonghui},
	year={2022},
	month=oct, pages={1519â€“1532} }