@article{Ddataguess,
	title={Ddataguess},
	author={Ddataguess},
	year ={2023},
}

@misc{opencv,
	title={Opencv ile goruntu isleme},
	author={ MESUT},
	year={2016}
	url={https://www.youtube.com/playlist?list=PLFZaDMvZbrOQj7EgkCVO60aPx9yb8wsrL}
}

@article{Roboflow,
	title={ROBOFLOW},
	author={roboflow},
	journal={Roboflow Blog},
	year={2024},
	url={https://blog.roboflow.com/}
}

@article{SOCARTürkiye,
	title={SOCAR Türkiye},
	author={SOCAR},
	journal={SOCAR Blog},
	year={2023},
	url={https://www.socar.com.tr/blog/arge-ve-inovasyon/goruntu-isleme-nedir}
}



@article{Tensorflowproje,
	title={tensorflow ne işe yarar?},
	author={https://www.kaggle.com/discussions/general/197081},
	journal={TensorFlow Nedir, Ne İşe Yarar?},
	year={ 2020},
	url={https://www.kaggle.com/discussions/general/197081}
}

@article{CNNproje,
	title={CNN proje},
	author={https://www.kaggle.com/code/shivamb/cnn-architectures-vgg-resnet-inception-tl},
	journal={CNN Nedir, Ne İşe Yarar?},
	year={ 2021},
	url={https://www.kaggle.com/code/shivamb/cnn-architectures-vgg-resnet-inception-tl}
}
@article{CNNproje2,
	title={CNN proje2},
	author={https://www.kaggle.com/code/datajameson/cifar-10-object-recognition-cnn-explained/notebook},
	journal={CNN Nedir, Ne İşe Yarar?},
	year={ 2019},
	url={https://www.kaggle.com/code/datajameson/cifar-10-object-recognition-cnn-explained/notebook}
}

@article{yolov9,
	title={yolov9 nedir?},
	author={ultralytics},
	journal={yolov9},
	year={ 2024},
	url={https://docs.ultralytics.com/tr/models/yolov9/?h=yolov9#performance-on-ms-coco-dataset}
}

@article{kalorihesabı,
title={kalori hesabı için referans},
author={kaloricetveli.org},
journal={kaloricetveli},
year={ 2023},
url={https://www.kaloricetveli.org}
}

@article{yoloandopencv,
	title={yolo ve opencv ile görüntü işleme},
	author={MR çilek},
	journal={görüntü işleme},
	year={ 2023},
	url={https://www.youtube.com/playlist?list=PLFZaDMvZbrOQj7EgkCVO60aPx9yb8wsrL}
}

@article{roboflowvideo,
	title={Roboflow İle Veri Seti Hazırlama},
	author={Özgür kan},
	journal={roboflow nasıl kullanılır?},
	year={ 2023},
	url={https://www.youtube.com/watch?v=lz_MITUBie8}
}
@article{Tensorflow,
	title={tensorflow ile görüntü isleme},
	author={hesap},
	journal={tensorflow nasıl kullanılır?},
	year={ 2023},
	url={https://www.tensorflow.org/tutorials?hl=tr}
}
@article{chatGPT,
	title={GPT yardımı ile cümle düzenlenmesi},
	year={ 2020},
	url={https://chat.openai.com/c/2e77a3d6-0d7d-4508-9746-617132390d27}
}

