@article{ergen2011biyometrik,
	title={Biyometrik Sistemler ve El Tabanl{\i} Biyometrik Tan{\i}ma Karakteristikleri},
	author={Ergen, B and {\c{C}}al{\i}{\c{s}}kan, A},
	booktitle={6th International Advanced Technologies Symposium (IATSâ€™11)},
	pages={16--18},
	year={2011}
}

@article{varchol2007using,
	title={Using of hand geometry in biometric security systems},
	author={Varchol, Peter and Levicky, Dusan},
	journal={Radioengineering-Prague-},
	volume={16},
	number={4},
	pages={82},
	year={2007},
	publisher={Citeseer}
}

@article{kumar2003personal,
	title={Personal verification using palmprint and hand geometry biometric},
	author={Kumar, Ajay and Wong, David CM and Shen, Helen C and Jain, Anil K},
	booktitle={Audio-and Video-Based Biometric Person Authentication: 4th International Conference, AVBPA 2003 Guildford, UK, June 9--11, 2003 Proceedings 4},
	pages={668--678},
	year={2003},
	organization={Springer}
}