@inproceedings{gemini,	
	Author= { Google AI   } ,	
	title={Gemini }  ,	
	Year= {2023} ,	
	journal={https://gemini.google.com/app}  ,	
	Note= { Dil Modeli}
}
@inproceedings{chatgpt_dilmodeli,
	Author = {OpenAI    },
	title = {ChatGPT},
	Year = {2022},
	journal = {https://www.openai.com/gpt},
	Note = {Dil Modeli}
}


@online{amini2022cnnvideo,	
	author    = {Amini, Alexander},
	title     = { MIT 6.S191: Convolutional Neural Networks },
	year      = {2023}, 
	journal       = {\url{https://youtu.be/NmLK_WQBxB4}},
	note      = {YouTube Video},
}


@online{Computer_Vision,	
	author    = { Murtaza's Workshop - Robotics and AI},
	title     = {  Object Detection 101 Course-Including 4xProjects Computer Vision},
	year      = {2023}, 
	journal       = {\url{https://youtu.be/WgPbbWmnXJ8}},
	note      = {YouTube Video},
}

@online{cnnvideo,
	author    = {IBMTechnology},
	title     = {What are Convolutional Neural Networks (CNNs)?},
	year      = {2023},
	journal   = {\url{https://youtu.be/NmLK_WQBxB4}},
	note      = {YouTube Video},
}

@online{CrowdCounting_dataset1,
	author    = {Francisco Mena},
	title     = {Crowd Counting},
	year      = {2018},
	note      = {Kaggle Dataset},
}


@online{CrowdCounting_dataset2,
	author    = {Thien, Thai},
	title     = {ShanghaiTech With People Density Map},
	year      = {2018},
	note      = {Kaggle Dataset},
}

@online{ShanghaiTech,
	author    = {Viresh Ranjan, Hieu Le, Minh Hoai},
	title     = {Single-Image Crowd Counting via Multi-Column Convolutional Neural Network},
	year      = {2018},
	note      = {paperswithcode.com/dataset},
}


@inproceedings{zhang2016single,
	title={Single-image crowd counting via multi-column convolutional neural network},
	author={Zhang, Yingying and Zhou, Desen and Chen, Siqin and Gao, Shenghua and Ma, Yi},
	booktitle={Proceedings of the IEEE conference on computer vision and pattern recognition},
	pages={589--597},
	year={2016}
}

@online{shovalt2018crowdcounting,
	author    = {Shoval T},
	title     = {Crowd Counting - Keras pretrained ResNet50 CNN},
	year      = {2018},
	note      = {Kaggle Kernel},
}

@inproceedings{change2013semi,
	title={From semi-supervised to transfer counting of crowds},
	author={Change Loy, Chen and Gong, Shaogang and Xiang, Tao},
	booktitle={Proceedings of the IEEE International Conference on Computer Vision},
	pages={2256--2263},
	year={2013}
}

@inproceedings{chen2013cumulative,
	title={Cumulative attribute space for age and crowd density estimation},
	author={Chen, Ke and Gong, Shaogang and Xiang, Tao and Change Loy, Chen},
	booktitle={Proceedings of the IEEE conference on computer vision and pattern recognition},
	pages={2467--2474},
	year={2013}
}

@incollection{loy2013crowd,
	title={Crowd counting and profiling: Methodology and evaluation},
	author={Loy, Chen Change and Chen, Ke and Gong, Shaogang and Xiang, Tao},
	booktitle={Modeling, Simulation and Visual Analysis of Crowds: A Multidisciplinary Perspective},
	pages={347--382},
	year={2013},
	publisher={Springer}
}

@inproceedings{chen2012feature,
	title={Feature mining for localised crowd counting.},
	author={Chen, Ke and Loy, Chen Change and Gong, Shaogang and Xiang, Tony},
	booktitle={Bmvc},
	volume={1},
	number={2},
	pages={3},
	year={2012}
}

@online{RahulMishra,
	author    = {RahulMishra },
	title     = {Counting crowd with CNN- social distancing project},
	year      = {2019},
	note      = {Kaggle Kernel},
}

@online{ChaoZhuang,
	author    = {Chao Zhuang },
	title     = {People Statistics: Traffic Control in a Mall},
	year      = {2024},
	note      = {Kaggle Kernel},
}

