@article{ozdemir2020guvenlik,
	title={G{\"u}venlik Seviyesi Artt{\i}r{\i}lm{\i}{\c{s}} Ak{\i}ll{\i} Otopark Sistemi},
	author={{\"O}ZDEM{\.I}R, Ay{\c{s}}eg{\"u}l and MENG{\.I}, Onur {\"O}zdal},
	journal={Karadeniz Fen Bilimleri Dergisi},
	volume={10},
	number={1},
	pages={131--149},
	year={2020},
	publisher={Giresun University}
}
@mastersthesis{dougarougluakilli,
	title={Ak{\i}ll{\i} otopark sistemi uygulamalar{\i} {\"u}zerine bir inceleme},
	author={Do{\u{g}}aro{\u{g}}lu, Bora},
	school={Fen Bilimleri Enstit{\"u}s{\"u}}
}
 @article{article_1098978, title={Akıllı Otopark Sistemlerinde Kullanılan Araç Tanıma Teknolojileri Üzerine Bir İnceleme}, journal={Akıllı Ulaşım Sistemleri ve Uygulamaları Dergisi}, volume={5}, pages={53–72}, year={2022}, DOI={10.51513/jitsa.1098978}, author={DOĞAROĞLU, Bora and ÇALIŞKANELLİ, S.pelin}, keywords={Akıllı ulaşım sistemi, akıllı otopark sistemi, araç detektörleri, araç tanıma sistemleri, otopark detektör teknolojileri}, abstract={Günümüz şehir planlama ve yönetimi için trafik talebindeki artışın paralelinde otopark talebindeki artış acil çözüm bekleyen sorunlar arasında yer almaktadır. Özellikle otopark talebinin yüksek olduğu şehir merkezlerinde yeterli alan bulunmaması otopark altyapı tesislerinin inşasına olanak tanımamaktadır. Soruna yaygın çözüm olarak kullanılan yöntem mevcut kapasitenin etkin kullanımı ve talep yönetimidir. Akıllı ulaşım sistemleri özellikle Akıllı Otopark Sistemleri (AOS) özelinde düşünüldüğünde kapasitenin uygun kullanımı ve talep yönetimi için en güncel yöntem olarak tercih edilmektedir. AOS’un etkin uygulanabilmesi de etkin araç tanıma ve detektör teknolojilerine bağlıdır. Bu çalışmada AOS’un verimliliği için etken olan araç tanıma detektör sistemleri kategorize edilerek tanıtılmış ayrıca yaygın kullanılan detektör teknolojilerinin avantajları ve dezavantajları dikkate alınarak kıyaslamaları yapılmıştır. Sunulan sınıflandırmalar ile AOS tasarımı yapılırken kullanılacak etkin teknoloji seçimi konusunda yardımcı olmak amaçlanmıştır.}, number={2}, publisher={Bandirma Onyedi Eylul University} }
 @mastersthesis{dougarougluakilli,
 	title={Ak{\i}ll{\i} otopark sistemi uygulamalar{\i} {\"u}zerine bir inceleme},
 	author={Do{\u{g}}aro{\u{g}}lu, Bora},
 	school={Fen Bilimleri Enstit{\"u}s{\"u}}
 }
  @article{article_1252682, title={Dijital sistemler ve nesnelerin interneti tabanlı yeni bir akıllı otopark sistemi: bir kavramsal tasarım}, journal={Gümüşhane Üniversitesi Fen Bilimleri Dergisi}, volume={13}, pages={990–1008}, year={2023}, DOI={10.17714/gumusfenbil.1252682}, author={BIYIK, Başak and AYDIN, Metin Mutlu}, keywords={Smart parking system, Mobil application, Internet of things, Park operation systems, Traffic congestion}, abstract={Araç sayısındaki artış kent merkezlerinde otopark ihtiyacını daha da ön plana çıkarmaktadır. Sorunun çözümüne yönelik çok sayıda çalışma yürütülmekte ve birçok yeni otopark inşa edilmektedir. Gelişen teknoloji ile birlikte akıllı sistemlerde mevcut otoparkların kapasitesinin arttırılmasında etkin şekilde kullanılmaktadır. Gerek yeni otoparkların hizmete alınması gerekse mevcut otoparkların teknolojik imkanlarla donatılması ne yazık ki sorunu tamamen çözememektedir. Bu durum toplu taşımanın bireysel araçlar yerine etkin şekilde kullanılması gerçeğini ön plana çıkarmaktadır. Diğer yandan, kısmi bir çözüm olarak insanların otopark kullanım sürelerini azaltmalarını sağlamak düşüncesi de yadsınamaz bir gerçek olarak görülmektedir. Bu amaçla çalışmada bu düşünceyi hayata geçirebilecek yeni bir akıllı otopark sistemi ve bu sistem ile entegre çalışan “Tek Araç Parkını Paylaşalım-TAPP” isimli yeni bir mobil uygulama kavramsal olarak geliştirilmiştir. Bu yeni akıllı otopark işletim ve yönetim sisteminde kullanım süresi kullanıcı tarafından belirtilmek zorundadır. Kullanım süresini belirten kullanıcılar süreye riayet ettiklerinde ücret olarak ödüllendirilirken, süreye uymadıklarında fazla ücret ödeme ve otopark kullanım kısıtlaması ile karşı karşıya bırakılmaktadır. Sistem ile otopark kapasitesi anlık olarak planlanarak etkin bir işletim performansı sağlanabilecektir. Önerilen sistem üzerinde etkili faktörler SWOT (Güçlü yönler-Zayıf yönler-Fırsatlar-Tehditler) analizi ile belirlenerek her bir faktörün AHP (Analitik Hiyerarşi Süreci) metodu kullanılarak ağırlıklandırılması ikili karşılaştırmalar ile elde edilmiştir. Uygulanan A’WOT analizi ile araç sayısının artmasıyla birlikte park yeri ihtiyacının artmasının önerilen sistem için önemli bir fırsat olduğu belirlenmiştir. Genel faktör ağırlıklarına göre tüm faktörler birlikte değerlendirildiğinde, artan araç sayısına bağlı oluşan otopark ihtiyacının en önemli faktör olarak öne çıkması bu tür yenilikçi sistemlere ihtiyaç olduğunu net şekilde göstermektedir.}, number={4}, publisher={Gumushane University}, organization={British Council} }