@mastersthesis{gullu2017labirentlerde,
	title={Labirentlerde yapay zeka tabanl{\i} y{\"o}n bulma algoritmalar{\i} kulllanan bir gezgin robot geli{\c{s}}tirilmesi},
	author={G{\"u}ll{\"u}, Ayd{\i}n},
	year={2017},
	school={Trakya {\"U}niversitesi Fen Bilimleri Enstit{\"u}s{\"u}}
}
@article{boluk2019mobil,
	title={Mobil Robotlarda Navigasyon Problemi i{\c{c}}in Peki{\c{s}}tirmeli {\"O}{\u{g}}renme},
	author={B{\"o}l{\"u}k, Nursena and U{\c{c}}ar, {\"O} and {\.I}nner, A Burak},
	journal={T{\"u}rkiye Robotbilim Konferans{\i}},
	pages={40--44},
	year={2019}
}
@article{kavasougluyapay,
	title={YAPAY ZEKA VE G{\"O}RSEL TASARIM UYGULAMALARI},
	author={KAVASO{\u{G}}LU, {\"O}{\u{g}}r G{\"o}r B Ruhsar}
}