@online{githubhairgan,
    author    =  " Zephyr, M.",
    title     = "HairGANs: Generative Adversarial Networks for Hair Style Modification",
    url       = "https://github.com/MengZephyr/HairGANs",
    addendum  =  "GitHub repository",
    keywords  = " Generative Adversarial Networks, Hair Style Modification",
}
@online{mediumgan,
    author    =  "Ongun, C.",
    title     = "Generative Adversarial Networks (GAN) Nedir?",
    url       = "https://cihanongun.medium.com/generative-adversarial-networks-gan-nedir-5cc6a48a6870",
    addendum  =  " Medium makalesi",
    keywords  = " Generative Adversarial Networks, GAN, Deep Learning",
}
@article{zhang2020hair,
  author   = "Zhang, Zheng and Zheng, Qiang",
  title    = "{Hair GANs: Recovering 3D Hair Structure from a Single Image}",
  journal  = "IEEE Transactions on Multimedia",
  volume   = "22",
  number   = "10",
  pages    = "2598-2610",
  year     = "2020",
  DOI      = "10.1109/TMM.2020.2974931",
  url      = "https://www.semanticscholar.org/paper/Hair-GANs%3A-Recovering-3D-Hair-Structure-from-a-Zhang-Zheng/869bf5b3070ebe5d8436eff2a993bda195f93ceb",
  keywords = "Generative Adversarial Networks, 3D Reconstruction, Hair Modeling"
}
@article{ma2021generative,
  author    = "Ma, Chongyang and Xu, Ruiqi and Wang, Tianhao and Zhang, Yanli and Zhang, Zhicheng",
  title     = "{Generative Adversarial Network Based Synthetic ECG Generation for Intelligent Heart Disease Detection}",
  journal   = "IEEE Access",
  volume    = "9",
  pages     = "168521-168530",
  year      = "2021",
  DOI       = "10.1109/ACCESS.2021.3109785",
  url       = "https://ieeexplore.ieee.org/abstract/document/9506557?casa_token=vIYYzMkEFUoAAAAA:7VI6ss8ROS_PjBuopSJPXY7Gjkx-xwiGu35DqrBCS0cXWModOKf9WsTnJe_BUubuRQRXdDciKpk",
  keywords  = "Generative Adversarial Networks, Electrocardiogram, Heart Disease Detection"
}
@online{sofgan2022uniteai,
  author    = "",
  title     = "",
  year      = "2022",
  url       = "https://www.unite.ai/tr/sofgan-daha-fazla-kontrol-sunan-bir-yüz-oluşturucu/",
}
