@article{greenwade93,
    author  = "Yusuf Kızılgedik",
    title   = "Recurrent Neural Networks(RNN) Kullanarak Hava Durumu Tahmini",
    year    = "2024",
}
