@article{sozerihayatimda,
  title={Hayat{\i}mda hi{\c{c}} kitap yazmad{\i}m. Bu y{\"u}zden {\"o}ns{\"o}z b{\"o}yle mi yaz{\i}l{\i}r bilmiyorum. Ama hayat{\i}mda yapmak istediklerimden bir tanesinin oldu{\u{g}}unu s{\"o}yleyebilirim kitap yazmak. Ki{\c{s}}isel blogumda (Mcansozeri. wordpress. com) Nisan 2010 tarihinden beri bir{\c{c}}ok yaz{\i} yay{\i}nlad{\i}m ve 300bin sayfa g{\"o}r{\"u}nt{\"u}lenmeye do{\u{g}}ru gidiyor. {\"O}zellikle ASP .NET MVC konusunda {\c{c}}ok fazla {\.I}ngilizce kaynak okudum, blog takip ettim ve},
  author={S{\"o}zeri, Mahmut Can}
}