@article{turan2018solid,
	title={SOLID {\.I}lkelerinin Microsoft VS Code Metri{\u{g}}ine Etkisinin Deneysel Olarak De{\u{g}}erlendirilmesi},
	author={TURAN, Osman and TANRI{\"O}VER, {\"O}mer {\"O}zg{\"u}r},
	journal={AJIT-e},
	volume={9},
	number={34},
	pages={7},
	year={2018},
	publisher={AJIT-e: Online Academic Journal of Information Technology}
}

@article{sozerihayatimda,
	title={Hayat{\i}mda hi{\c{c}} kitap yazmad{\i}m. Bu y{\"u}zden {\"o}ns{\"o}z b{\"o}yle mi yaz{\i}l{\i}r bilmiyorum. Ama hayat{\i}mda yapmak istediklerimden bir tanesinin oldu{\u{g}}unu s{\"o}yleyebilirim kitap yazmak. Ki{\c{s}}isel blogumda (Mcansozeri. wordpress. com) Nisan 2010 tarihinden beri bir{\c{c}}ok yaz{\i} yay{\i}nlad{\i}m ve 300bin sayfa g{\"o}r{\"u}nt{\"u}lenmeye do{\u{g}}ru gidiyor. {\"O}zellikle ASP .NET MVC konusunda {\c{c}}ok fazla {\.I}ngilizce kaynak okudum, blog takip ettim ve},
	author={S{\"o}zeri, Mahmut Can}
}
}

@article{ccelik2018oncul,
	title={{\"O}nc{\"u}l bilgi tabanl{\i} kan payla{\c{s}}{\i}m sistemi tasar{\i}m ve uygulamas{\i}},
	author={{\c{C}}elik, Tayfun and Bayat, O{\u{g}}uz and Duru, Adil Deniz and U{\c{c}}an, Osman Nuri},
	year={2018},
	publisher={Alt{\i}nba{\c{s}} {\"U}niversitesi}
}
@mastersthesis{tuzemen2014akademik,
	title={Akademik bilgi sistemi tasar{\i}m{\i} {\.I}zmir {\"o}rne{\u{g}}i},
	author={T{\"u}zemen, Adil Temel},
	year={2014},
	school={Fen Bilimleri Enstit{\"u}s{\"u}}
}
@book{keskin2014facebook,
	title={FACEBOOK: FACEBOOK PROGRAMLAMA-FACEBOOK PROGRAMMING},
	author={Keskin, Erkan},
	volume={126},
	year={2014},
	publisher={KODLAB YAYIN DA{\u{G}}ITIM YAZILIM LTD. {\c{S}}T{\.I}.}
}
@mastersthesis{kurtonline,
	title={Online stok y{\"o}netimi ve {\"o}neri sistemi},
	author={Kurt, {\"O}m{\"u}r Bugay},
	school={Fen Bilimleri Enstit{\"u}s{\"u}}
}
@online{librarymanagement,
	author    = "{Prabhakar Kumar}",
	title     = "{Library Management System}",
	url       = {https://github.com/prabhakar267/library-management-system},
	urldate   = {2024-03-14},
}
